<record xmlns="http://www.loc.gov/MARC21/slim" xmlns:xsi="http://www.w3.org/2001/XMLSchema-instance" xsi:schemaLocation="http://www.loc.gov/MARC21/slim http://www.loc.gov/standards/marcxml/schema/MARC21slim.xsd"><leader>     nam a22        4500</leader><controlfield tag="001">3073686</controlfield><controlfield tag="003">NNC</controlfield><controlfield tag="006">m        d        </controlfield><controlfield tag="007">cr cn |||m|||a</controlfield><controlfield tag="008">150601s1866    ua      o     000 0 araod</controlfield><datafield ind1=" " ind2=" " tag="040"><subfield code="a">NNU</subfield><subfield code="b">eng</subfield><subfield code="e">rda</subfield><subfield code="c">NNU</subfield></datafield><datafield ind1=" " ind2=" " tag="043"><subfield code="a">e-sp---</subfield><subfield code="a">aw-----</subfield><subfield code="a">ff-----</subfield></datafield><datafield ind1=" " ind2="4" tag="050"><subfield code="a">PJ7805.A1</subfield><subfield code="b">I25 1866</subfield></datafield><datafield ind1="1" ind2=" " tag="100"><subfield code="6">880-01</subfield><subfield code="a">Ibn Kha&#772;qa&#772;n, al-Fath&#803; ibn Muh&#803;ammad,</subfield><subfield code="d">-1134?</subfield></datafield><datafield ind1="1" ind2="0" tag="245"><subfield code="6">880-02</subfield><subfield code="a">Qala&#772;&#700;id al-&#699;iqya&#772;n /</subfield><subfield code="c">lil-Fath&#803; ibn Kha&#772;qa&#772;n.</subfield></datafield><datafield ind1=" " ind2=" " tag="260"><subfield code="6">880-03</subfield><subfield code="a">Bu&#772;la&#772;q :</subfield><subfield code="b">al-Mat&#803;ba&#699;ah al-Khidi&#772;wi&#772;yah,</subfield><subfield code="c">1283 [1866]</subfield></datafield><datafield ind1=" " ind2=" " tag="300"><subfield code="a">online resource (307 pages)</subfield></datafield><datafield ind1=" " ind2=" " tag="336"><subfield code="a">text</subfield><subfield code="2">rdacontent</subfield></datafield><datafield ind1=" " ind2=" " tag="337"><subfield code="a">computer</subfield><subfield code="2">rdamedia</subfield></datafield><datafield ind1=" " ind2=" " tag="338"><subfield code="a">online resource</subfield><subfield code="2">rdacarrier</subfield></datafield><datafield ind1=" " ind2=" " tag="500"><subfield code="a">Part of the Arabic Collections Online (ACO) project, contributed by Columbia University Libraries.</subfield></datafield><datafield ind1=" " ind2=" " tag="533"><subfield code="a">Electronic reproduction.</subfield><subfield code="b">New York, N.Y. :</subfield><subfield code="c">New York University,</subfield><subfield code="d">2015.</subfield><subfield code="5">NNU</subfield></datafield><datafield ind1=" " ind2="0" tag="650"><subfield code="a">Arabic poetry</subfield><subfield code="z">Spain</subfield><subfield code="z">Andalusia.</subfield></datafield><datafield ind1=" " ind2="0" tag="650"><subfield code="a">Arabic poetry</subfield><subfield code="y">750-1258.</subfield></datafield><datafield ind1=" " ind2="0" tag="651"><subfield code="a">Islamic Empire</subfield><subfield code="x">Kings and rulers</subfield><subfield code="v">Poetry.</subfield></datafield><datafield ind1=" " ind2="0" tag="651"><subfield code="a">Islamic Empire</subfield><subfield code="x">Kings and rulers</subfield><subfield code="v">Biography.</subfield></datafield><datafield ind1=" " ind2="7" tag="650"><subfield code="a">Arabic poetry.</subfield><subfield code="2">fast</subfield><subfield code="0">(OCoLC)fst00812533</subfield></datafield><datafield ind1=" " ind2="7" tag="650"><subfield code="a">Kings and rulers.</subfield><subfield code="2">fast</subfield><subfield code="0">(OCoLC)fst00987694</subfield></datafield><datafield ind1=" " ind2="7" tag="651"><subfield code="a">Islamic Empire.</subfield><subfield code="2">fast</subfield><subfield code="0">(OCoLC)fst01244134</subfield></datafield><datafield ind1=" " ind2="7" tag="651"><subfield code="a">Spain</subfield><subfield code="z">Andalusia.</subfield><subfield code="2">fast</subfield><subfield code="0">(OCoLC)fst01217626</subfield></datafield><datafield ind1=" " ind2="7" tag="648"><subfield code="a">750 - 1258</subfield><subfield code="2">fast</subfield></datafield><datafield ind1=" " ind2="7" tag="655"><subfield code="a">Biography.</subfield><subfield code="2">fast</subfield><subfield code="0">(OCoLC)fst01423686</subfield></datafield><datafield ind1=" " ind2="7" tag="655"><subfield code="a">Poetry.</subfield><subfield code="2">fast</subfield><subfield code="0">(OCoLC)fst01423828</subfield></datafield><datafield ind1="2" ind2=" " tag="710"><subfield code="a">Columbia University.</subfield><subfield code="b">Libraries.</subfield></datafield><datafield ind1="0" ind2=" " tag="730"><subfield code="a">Arabic Collections Online.</subfield></datafield><datafield ind1="0" ind2="8" tag="776"><subfield code="i">Online version:</subfield><subfield code="a">Ibn Kha&#772;qa&#772;n, al-Fath&#803; ibn Muh&#803;ammad, -1134?</subfield><subfield code="t">Qala&#772;&#700;id al-&#699;iqya&#772;n.</subfield><subfield code="d">[Cairo : s.n.], 1866</subfield><subfield code="w">(OCoLC)769700581</subfield></datafield><datafield ind1="0" ind2="8" tag="776"><subfield code="i">Print version:</subfield><subfield code="a">Ibn Kha&#772;qa&#772;n, al-Fath&#803; ibn Muh&#803;ammad, -1134?</subfield><subfield code="t">Qala&#772;&#700;id al-&#699;iqya&#772;n</subfield><subfield code="w">(NNC)3073686</subfield><subfield code="w">(OCoLC)33824009</subfield></datafield><datafield ind1="4" ind2="0" tag="856"><subfield code="u">http://hdl.handle.net/2333.1/qz612n25</subfield></datafield><datafield ind1="1" ind2=" " tag="880"><subfield code="6">100-01/r</subfield><subfield code="a">&#1575;&#1576;&#1606; &#1582;&#1575;&#1602;&#1575;&#1606;&#1548; &#1575;&#1604;&#1601;&#1578;&#1581; &#1576;&#1606; &#1605;&#1581;&#1605;&#1583;&#1548;</subfield><subfield code="d">1134? .d.</subfield></datafield><datafield ind1="1" ind2="0" tag="880"><subfield code="6">245-02/r</subfield><subfield code="a">&#1602;&#1604;&#1575;&#1574;&#1583; &#1575;&#1604;&#1593;&#1602;&#1610;&#1575;&#1606; /</subfield><subfield code="c">&#1604;&#1604;&#1601;&#1578;&#1581; &#1576;&#1606; &#1582;&#1575;&#1602;&#1575;&#1606;.</subfield></datafield><datafield ind1=" " ind2=" " tag="880"><subfield code="6">260-03/r</subfield><subfield code="a">&#1576;&#1608;&#1604;&#1575;&#1602; :</subfield><subfield code="b">&#1575;&#1604;&#1605;&#1591;&#1576;&#1593;&#1577; &#1575;&#1604;&#1582;&#1583;&#1610;&#1608;&#1610;&#1577;&#1548;</subfield><subfield code="c">1283 [1866]</subfield></datafield><datafield ind1=" " ind2=" " tag="959"><subfield code="a">NNU</subfield><subfield code="b">WEB</subfield><subfield code="c">GENI</subfield><subfield code="t">0</subfield><subfield code="m">Electronic access</subfield><subfield code="s">01</subfield></datafield><datafield ind1=" " ind2=" " tag="999"><subfield code="i">NNC_3073686</subfield><subfield code="o">(OCoLC)ocm33824009</subfield><subfield code="s">columbia_aco000443</subfield><subfield code="e">(ERROR-880)</subfield><subfield code="s">columbia_aco000443</subfield></datafield></record>